%!TEX root = ../Thesis.tex
@article{ExArticle,
	Author = {ExAuthor},
	Keywords = {web},
	date = {2012-07},
	Title = {ExTitle},
	Url = {https://ex.url},
	Urldate = {2017-01-17}
}

@misc{ExWeb,
	Keywords = {web},
	Title = {ExTitle},
	Url = {https://ex.url},
	Urldate = {2017-01-16}
}